1956 3426
182 187 221 258 32
415 156 523 234 TL'L
545 167 558 232 1
580 156 648 232 v11
670 167 684 233 Ι

181 283 255 354 eique
266 267 337 336 ¹sacra
351 277 440 334 omnia
455 277 577 354 exscripta
594 278 773 355 exsignataque
783 242 922 346 attribuite

77 371 81 380 “
178 359 373 437 quibushostiis,
382 359 672 435 quibusdiebusmdquae
682 357 778 436 templa
789 359 858 417 noa
868 361 920 419 lie·

71 465 87 516 '.
151 438 153 444 ’
178 457 243 506 rcnt‚
253 455 328 518 atque
343 441 411 498 unde
421 441 448 496 in
456 459 501 496 eos
517 435 633 516 sumptus
641 443 917 520 pecuniamogaretut.

179 526 272 580 Cetera
295 539 402 599 quoque
424 524 514 579 omnia
540 519 641 598 publica
663 522 811 600 privataque
844 521 917 584 satra

158 673 163 680 ¹
179 605 312 664 Pontificio
325 603 393 662 scitis
406 597 514 679 subjecit
530 627 536 662 :
562 620 591 661 ut
613 603 673 662 esset
693 621 752 680 quo
763 599 915 664 consrtlrum

101 710 104 721 Χ
178 686 262 764 plebes
280 688 396 750 veniretr
438 702 470 742 ne
489 686 550 762 quid
563 685 643 742 divini
664 685 736 761 juria,
755 685 915 764 negligendo

170 770 273 847 'patrios
285 769 356 831 ritus,
373 765 566 844 peregrinosque
578 764 746 829 adsciscendo,
763 767 917 830 turbaretur.

179 855 239 909 Nec
255 848 368 908 coelestes
384 849 466 904 modo
480 849 648 913 caerimonias‚
669 846 710 904 sed
727 848 793 923 justa
804 861 914 924 quoque

176 933 299 995 funebria,
324 928 507 1007 placandosque
530 933 628 993 Manes,
656 943 686 988 ut
707 930 777 986 idem
790 929 916 990 Pontifex

178 1016 313 1071 edoceret:
333 1029 441 1089 quaque
453 1011 570 1090 prodigia
581 1009 743 1074 fulminibus,
759 1010 842 1068 aliove
856 1031 916 1089 quo

176 1094 233 1150 viso
249 1092 322 1154 mila
341 1091 523 1168 susciperentur
546 1108 622 1170 atque
637 1099 802 1150 curarentur:
829 1093 860 1150 ad
880 1111 914 1154 ta

177 1173 299 1236 elicienda
311 1194 342 1232 ex
355 1175 485 1232 mentibus
499 1175 599 1239 divinis,
624 1176 685 1254 Jovl
700 1173 782 1252 Elicio
794 1189 869 1232 ararn-
881 1175 915 1238 in

178 1259 309 1316 Aventino
327 1255 442 1321 dicavit;
476 1261 616 1334 Deumque
638 1247 765 1314 consuluit
786 1257 916 1336 ,cognite
947 1287 956 1304 ι

177 1361 237 1420 quae
250 1338 403 1416 suscipienda
417 1339 505 1398 essent.
633 1377 636 1382 -
718 1347 721 1352 '
774 1337 776 1344 '
858 1337 865 1378 ἶ
901 1409 907 1418 ¹

219 1415 296 1482 XXI.
317 1422 355 1478 nd
370 1419 425 1479 hare
439 1419 600 1480 consultanda
614 1420 827 1500 procurandaque
838 1419 914 1480 rnul-

178 1506 288 1563 titudine
302 1505 378 1561 omni
392 1501 440 1562 dvi
455 1505 572 1564 &armis
587 1502 715 1565 conversa,
733 1503 850 1562 &animi
862 1503 913 1560 ali-

178 1586 239 1663 quid
255 1586 353 1664 agendo
366 1589 487 1662 occupati
503 1599 596 1642 erant:
624 1588 653 1644 dt
673 1590 790 1642 Deorum
814 1584 913 1644 assidui

178 1669 288 1726 insrdens
303 1685 369 1732 cura,
387 1663 473 1744 'quum
494 1666 608 1724 interesse
620 1664 694 1724 rebus
708 1665 829 1724 humanis
848 1685 911 1725 coe·

179 1750 237 1810 leste
251 1753 360 1810 Numen
373 1744 507 1813 videretur,
528 1768 558 1806 ea
573 1749 665 1825 pietate
679 1749 913 1824 omnium‘peeio-

176 1853 205 1891 m
222 1833 358 1896 imbuerat,
386 1848 417 1891 ut
438 1832 498 1890 fides
516 1849 546 1889 ac
568 1821 759 1906 jusjurandum,
789 1830 912 1908 proxime
944 1836 955 1851 ”

176 1914 265 1994 legum
288 1932 318 1972 ac
336 1933 474 1990 poenarum
496 1927 607 1974 metum,
637 1914 771 1970 civitatem
783 1922 912 1991 regerent.

177 2001 207 2054 dc
231 2013 316 2072 quum
339 1994 385 2070 ipsr
406 1993 431 2049 se
452 1992 570 2048 homines
587 1993 615 2047 in
635 1995 710 2068 regis,
746 1993 815 2052 velut
837 1995 912 2051 unici

176 2075 297 2150 exempli,
322 2091 409 2129 mores
429 2074 591 2134 formarentr
620 2085 678 2126 tum
700 2071 807 2131 finitimi
827 2076 911 2133 etiam

147 2177 150 2182 ·
176 2157 274 2234 populi,
301 2156 429 2232 quiante,
448 2153 533 2218 calita,
559 2169 613 2208 non
627 2150 729 2215 urbem,
745 2155 862 2228 positam
882 2157 912 2214 in
953 2193 955 2200 ,

177 2237 275 2305 medio,
302 2239 333 2297 ad
350 2235 529 2296 sollicitandam
545 2235 668 2292 omnium
688 2249 781 2309 pacem
796 2237 912 2300 credide·

175 2337 242 2386 rant,
263 2322 291 2379 in
305 2341 365 2379 earn
379 2313 557 2378 verecundiam
574 2315 675 2375 addudii
691 2313 760 2380 sunt,
777 2332 805 2374 ur
819 2319 912 2394 civita·

175 2417 241 2466 tem,
268 2419 351 2460 totam
373 2400 519 2458 incultum
541 2398 639 2458 rosam
662 2402 803 2462 Deorum,
821 2397 912 2459 violari

176 2485 296 2541 ducerent
312 2485 391 2541 nesus.
436 2486 522 2538 Lucus
541 2497 603 2545 erar,
632 2496 712 2556 quem
734 2481 851 2538 medium
875 2497 909 2538 ex

174 2583 261 2642 opaco
274 2565 350 2641 specu
374 2564 438 2628 sone
447 2561 554 2638 perenni
573 2559 674 2639 rigabat
689 2573 762 2638 aqua.
778 2581 833 2641 quo
847 2564 909 2640 quia

175 2645 202 2706 se
216 2645 325 2724 persaepe
339 2647 431 2702 Numa
445 2644 497 2700 srne
511 2641 618 2706 arbitris,
646 2641 716 2700 velut
736 2643 767 2701 ad
788 2643 910 2723 congres-

175 2729 233 2789 sum
249 2731 320 2791 Deae,
339 2724 469 2802 inferebat,
491 2724 628 2780 Camoenis
641 2741 704 2781 eum
719 2723 807 2783 lucum
825 2726 909 2790 sacra·

175 2813 214 2872 vit
229 2831 241 2877 r
263 2809 333 2887 quod
348 2825 436 2866 earum
466 2805 502 2863 ibi
523 2805 630 2864 concilia
644 2825 708 2864 cum
728 2806 843 2884 conjuge
863 2807 908 2866 sua

80 2973 86 2986 ι
176 2893 268 2973 Egeria
281 2892 369 2951 essent.
406 2887 509 2949 Et‘soli
528 2888 596 2946 Fidei
613 2887 715 2948 solenne
729 2887 849 2948 'instituit
874 2887 908 3028 3
